{"gold_per_floor":[114,125,137,206,206,234,189,189,261,275,292,325,325,43,43,43],"floor_reached":16,"playtime":1785,"items_purged":[],"score":110,"play_id":"e2cd797c-f36f-4377-a533-bebdc54141da","local_time":"20211230114744","is_ascension_mode":false,"campfire_choices":[{"floor":8,"key":"REST"},{"floor":13,"key":"REST"},{"floor":15,"key":"REST"}],"neow_cost":"NONE","seed_source_timestamp":526904714240600,"circlet_count":0,"master_deck":["Strike_G","Strike_G","Strike_G","Strike_G","Strike_G","Defend_G","Defend_G","Defend_G","Defend_G","Defend_G","Survivor","Neutralize","Underhanded Strike","Backflip","Doppelganger","Blur","Terror","Dodge and Roll","Dagger Throw","Flying Knee","PiercingWail"],"relics":["Ring of the Snake","NeowsBlessing","Boot","Pear","Nunchaku","Ornamental Fan"],"potions_floor_usage":[6,12,16],"damage_taken":[{"damage":0,"enemies":"Small Slimes","floor":1,"turns":1},{"damage":0,"enemies":"Jaw Worm","floor":2,"turns":1},{"damage":0,"enemies":"Cultist","floor":3,"turns":1},{"damage":61,"enemies":"Lagavulin","floor":6,"turns":14},{"damage":0,"enemies":"Looter","floor":7,"turns":5},{"damage":4,"enemies":"Large Slime","floor":10,"turns":9},{"damage":6,"enemies":"Exordium Wildlife","floor":11,"turns":4},{"damage":37,"enemies":"Gremlin Nob","floor":12,"turns":6},{"damage":71,"enemies":"Slime Boss","floor":16,"turns":12}],"seed_played":"1968537652171988867","potions_obtained":[{"floor":2,"key":"Ancient Potion"},{"floor":6,"key":"Weak Potion"},{"floor":11,"key":"FairyPotion"},{"floor":12,"key":"Ancient Potion"}],"is_trial":false,"path_per_floor":["M","M","M","?","?","E","M","R","T","M","M","E","R","$","R","B"],"character_chosen":"THE_SILENT","items_purchased":["Ornamental Fan","PiercingWail"],"campfire_rested":3,"item_purchase_floors":[14,14],"current_hp_per_floor":[70,70,70,70,70,9,9,30,40,36,30,19,43,43,67,0],"gold":43,"neow_bonus":"THREE_ENEMY_KILL","is_prod":false,"is_daily":false,"chose_seed":false,"campfire_upgraded":0,"win_rate":0.0,"timestamp":1640845064,"path_taken":["M","M","M","?","?","E","M","R","T","M","M","E","R","?","R","BOSS"],"build_version":"2020-12-22","purchased_purges":0,"victory":false,"max_hp_per_floor":[70,70,70,70,70,70,70,70,80,80,80,80,80,80,80,80],"card_choices":[{"not_picked":["Dagger Spray","Caltrops"],"picked":"Underhanded Strike","floor":1},{"not_picked":["Quick Slash","Prepared"],"picked":"Backflip","floor":2},{"not_picked":["Backflip","Quick Slash"],"picked":"Acrobatics","floor":3},{"not_picked":["Footwork","Caltrops"],"picked":"Blur","floor":6},{"not_picked":["Heel Hook","Underhanded Strike"],"picked":"Terror","floor":7},{"not_picked":["Crippling Poison","Blade Dance"],"picked":"Dodge and Roll","floor":10},{"not_picked":["Terror","Infinite Blades"],"picked":"Dagger Throw","floor":11},{"not_picked":["Outmaneuver","Dagger Spray"],"picked":"Flying Knee","floor":12}],"player_experience":12432,"relics_obtained":[{"floor":6,"key":"Boot"},{"floor":9,"key":"Pear"},{"floor":12,"key":"Nunchaku"}],"event_choices":[{"damage_healed":0,"gold_gain":69,"player_choice":"Gained Gold","damage_taken":0,"max_hp_gain":0,"max_hp_loss":0,"event_name":"Golden Wing","floor":4,"gold_loss":0},{"damage_healed":0,"gold_gain":0,"cards_transformed":["Acrobatics"],"player_choice":"Change","damage_taken":0,"max_hp_gain":0,"max_hp_loss":0,"event_name":"Living Wall","floor":5,"gold_loss":0,"cards_obtained":["Doppelganger"]}],"is_beta":false,"boss_relics":[],"items_purged_floors":[],"is_endless":false,"potions_floor_spawned":[2,6,11,12],"killed_by":"Slime Boss","ascension_level":0}