{"gold_per_floor":[117,135,135,160,178,219,233,252,279,279,244,244,262,119,119,243,243,264,283,198,212,232,268,268,292,318,318,356,55,73,94,94,94],"floor_reached":33,"playtime":3116,"items_purged":[],"score":316,"play_id":"1ebab082-fa9c-4075-8ed6-3fa0e09fd533","local_time":"20211230124052","is_ascension_mode":false,"campfire_choices":[{"floor":10,"key":"REST"},{"floor":12,"key":"REST"},{"data":"Deadly Poison","floor":15,"key":"SMITH"},{"floor":24,"key":"REST"},{"floor":27,"key":"REST"},{"floor":32,"key":"REST"}],"neow_cost":"NONE","seed_source_timestamp":528763626970200,"circlet_count":0,"master_deck":["Strike_G","Strike_G","Strike_G","Strike_G","Strike_G","Defend_G","Defend_G","Defend_G","Defend_G","Defend_G","Survivor","Neutralize","Deadly Poison+1","Predator","Blur","Prepared","Escape Plan","PiercingWail","Backflip","Acrobatics","Dramatic Entrance","Doppelganger","PiercingWail","Predator","Outmaneuver","Deadly Poison","Dagger Throw+1","Deadly Poison","Heel Hook+1","Decay","Deadly Poison","Deadly Poison","Leg Sweep"],"relics":["Sozu","Golden Idol","Strawberry","Bronze Scales","Orichalcum","Cursed Key","Dream Catcher","Ice Cream","Anchor","Regal Pillow","ClockworkSouvenir","Blood Vial"],"potions_floor_usage":[],"damage_taken":[{"damage":0,"enemies":"Small Slimes","floor":1,"turns":4},{"damage":6,"enemies":"Jaw Worm","floor":2,"turns":4},{"damage":1,"enemies":"Cultist","floor":5,"turns":3},{"damage":35,"enemies":"3 Sentries","floor":6,"turns":7},{"damage":5,"enemies":"Looter","floor":7,"turns":3},{"damage":0,"enemies":"2 Fungi Beasts","floor":8,"turns":3},{"damage":2,"enemies":"Blue Slaver","floor":13,"turns":3},{"damage":6,"enemies":"The Guardian","floor":16,"turns":11},{"damage":7,"enemies":"3 Byrds","floor":18,"turns":3},{"damage":0,"enemies":"Chosen","floor":19,"turns":5},{"damage":0,"enemies":"Centurion and Healer","floor":21,"turns":7},{"damage":5,"enemies":"Snecko","floor":22,"turns":5},{"damage":34,"enemies":"Slavers","floor":23,"turns":7},{"damage":0,"enemies":"Snake Plant","floor":25,"turns":4},{"damage":6,"enemies":"Gremlin Leader","floor":28,"turns":5},{"damage":7,"enemies":"Centurion and Healer","floor":30,"turns":8},{"damage":35,"enemies":"Shelled Parasite and Fungi","floor":31,"turns":5},{"damage":74,"enemies":"Collector","floor":33,"turns":6}],"seed_played":"4598789320060057268","potions_obtained":[],"is_trial":false,"path_per_floor":["M","M","?","T","M","E","M","M","T","R","?","R","M","$","R","B",null,"M","M","?","M","M","E","R","M","T","R","E","$","M","M","R","B"],"character_chosen":"THE_SILENT","items_purchased":["Acrobatics","Dramatic Entrance","ClockworkSouvenir","Blood Vial"],"campfire_rested":5,"item_purchase_floors":[14,14,29,29],"current_hp_per_floor":[70,64,47,54,53,18,13,13,13,36,55,77,75,75,75,69,77,70,70,70,70,65,31,54,54,54,77,71,71,66,33,71,0],"gold":94,"neow_bonus":"BOSS_RELIC","is_prod":false,"is_daily":false,"chose_seed":false,"campfire_upgraded":1,"win_rate":0.0,"timestamp":1640848252,"path_taken":["M","M","?","?","M","E","M","M","T","R","?","R","M","$","R","BOSS","M","M","?","M","M","E","R","M","T","R","E","$","M","M","R","BOSS"],"build_version":"2020-12-22","purchased_purges":0,"victory":false,"max_hp_per_floor":[70,70,70,77,77,77,77,77,77,77,77,77,77,77,77,77,77,77,77,77,77,77,77,77,77,77,77,77,77,77,77,77,77],"card_choices":[{"not_picked":["Tactician","Riddle With Holes"],"picked":"Deadly Poison","floor":1},{"not_picked":["Blade Dance","Poisoned Stab"],"picked":"Predator","floor":2},{"not_picked":["Calculated Gamble","Endless Agony"],"picked":"Blur","floor":5},{"not_picked":["Deflect","Caltrops"],"picked":"Prepared","floor":6},{"not_picked":["Night Terror","Masterful Stab"],"picked":"Escape Plan","floor":7},{"not_picked":["Dagger Throw","Slice"],"picked":"PiercingWail","floor":8},{"not_picked":["Prepared","PiercingWail"],"picked":"Backflip","floor":13},{"not_picked":["Glass Knife","A Thousand Cuts"],"picked":"Doppelganger","floor":16},{"not_picked":["Quick Slash","Deflect"],"picked":"PiercingWail","floor":18},{"not_picked":["Outmaneuver+1","Backflip"],"picked":"Predator","floor":19},{"not_picked":["Blur+1","Reflex+1"],"picked":"Outmaneuver","floor":21},{"not_picked":["Dash+1","Choke"],"picked":"Deadly Poison","floor":22},{"not_picked":["Escape Plan","Reflex+1"],"picked":"Dagger Throw+1","floor":23},{"not_picked":["Underhanded Strike+1","Dagger Throw"],"picked":"Deadly Poison","floor":24},{"not_picked":["Flying Knee","Prepared"],"picked":"Heel Hook+1","floor":25},{"not_picked":["Well Laid Plans+1","Adrenaline"],"picked":"Deadly Poison","floor":27},{"not_picked":["Expertise+1","Slice","Riddle With Holes"],"picked":"SKIP","floor":28},{"not_picked":["Flying Knee","Dagger Spray"],"picked":"Deadly Poison","floor":30},{"not_picked":["Backflip","Infinite Blades","Acrobatics"],"picked":"SKIP","floor":31},{"not_picked":["Tactician","Dodge and Roll"],"picked":"Leg Sweep","floor":32}],"player_experience":14217,"relics_obtained":[{"floor":4,"key":"Strawberry"},{"floor":6,"key":"Bronze Scales"},{"floor":9,"key":"Orichalcum"},{"floor":23,"key":"Ice Cream"},{"floor":26,"key":"Anchor"},{"floor":28,"key":"Regal Pillow"}],"event_choices":[{"damage_healed":0,"gold_gain":0,"player_choice":"Take Damage","damage_taken":17,"relics_obtained":["Golden Idol"],"max_hp_gain":0,"max_hp_loss":0,"event_name":"Golden Idol","floor":3,"gold_loss":0},{"damage_healed":19,"gold_gain":0,"player_choice":"Healed","damage_taken":0,"max_hp_gain":0,"max_hp_loss":0,"event_name":"The Cleric","floor":11,"gold_loss":35},{"damage_healed":0,"gold_gain":0,"player_choice":"Obtained Relic","damage_taken":0,"relics_obtained":["Dream Catcher"],"max_hp_gain":0,"max_hp_loss":0,"event_name":"Addict","floor":20,"gold_loss":85}],"is_beta":false,"boss_relics":[{"not_picked":["Runic Dome","Ectoplasm"],"picked":"Cursed Key"}],"items_purged_floors":[],"is_endless":false,"potions_floor_spawned":[1,5,6,16,19,21,22],"killed_by":"Collector","ascension_level":0}