{"gold_per_floor":[211,51,70,80,96,96,107,133,133,133,158,188,208,224,224,327,327,339,359,377,377,388,403,403],"floor_reached":24,"playtime":1304,"items_purged":["Defend_G"],"score":260,"play_id":"bcca10b8-09b8-4b4b-b7bf-74b1b0d03c95","local_time":"20220109222302","is_ascension_mode":true,"campfire_choices":[{"data":"Accuracy","floor":6,"key":"SMITH"},{"floor":10,"key":"REST"},{"floor":15,"key":"REST"}],"neow_cost":"NONE","seed_source_timestamp":123096814195300,"circlet_count":0,"master_deck":["Strike_G","Strike_G","Strike_G","Strike_G","Strike_G","Defend_G","Defend_G","Defend_G","Defend_G","Survivor","Neutralize","Dagger Spray","Accuracy+1","Blade Dance","Backflip","Calculated Gamble","Deflect","Blade Dance","Underhanded Strike","Blade Dance","After Image","Finisher","Dodge and Roll+1","Blade Dance","Outmaneuver","Acrobatics"],"relics":["Ring of the Snake","Bronze Scales","Lantern","Incense Burner","Runic Pyramid"],"potions_floor_usage":[],"damage_taken":[{"damage":1,"enemies":"Cultist","floor":1,"turns":5},{"damage":4,"enemies":"2 Louse","floor":3,"turns":3},{"damage":4,"enemies":"Small Slimes","floor":4,"turns":3},{"damage":4,"enemies":"Looter","floor":5,"turns":3},{"damage":9,"enemies":"Blue Slaver","floor":7,"turns":3},{"damage":24,"enemies":"Lagavulin","floor":8,"turns":8},{"damage":9,"enemies":"3 Sentries","floor":12,"turns":5},{"damage":5,"enemies":"2 Fungi Beasts","floor":13,"turns":3},{"damage":8,"enemies":"Large Slime","floor":14,"turns":6},{"damage":25,"enemies":"Hexaghost","floor":16,"turns":7},{"damage":0,"enemies":"Spheric Guardian","floor":18,"turns":3},{"damage":19,"enemies":"2 Thieves","floor":19,"turns":3},{"damage":0,"enemies":"Snecko","floor":20,"turns":4},{"damage":9,"enemies":"Centurion and Healer","floor":22,"turns":5},{"damage":15,"enemies":"Shelled Parasite and Fungi","floor":23,"turns":2},{"damage":38,"enemies":"Gremlin Leader","floor":24,"turns":4}],"seed_played":"-3644940536503805722","potions_obtained":[{"floor":1,"key":"FearPotion"},{"floor":3,"key":"Strength Potion"},{"floor":5,"key":"CunningPotion"}],"is_trial":false,"path_per_floor":["M","$","M","M","M","R","M","E","T","R","T","E","M","M","R","B",null,"M","M","M","?","M","M","E"],"character_chosen":"THE_SILENT","items_purchased":["Accuracy","Blade Dance"],"campfire_rested":2,"item_purchase_floors":[2,2],"current_hp_per_floor":[69,69,65,61,57,57,48,24,24,45,45,36,31,23,44,19,70,70,51,51,51,42,27,0],"gold":403,"neow_bonus":"HUNDRED_GOLD","is_prod":false,"is_daily":false,"chose_seed":false,"campfire_upgraded":1,"win_rate":0,"timestamp":1641747182,"path_taken":["M","$","M","M","M","R","?","E","T","R","?","E","M","M","R","BOSS","M","?","M","?","M","M","E"],"build_version":"2020-12-22","purchased_purges":1,"victory":false,"max_hp_per_floor":[70,70,70,70,70,70,70,70,70,70,70,70,70,70,70,70,70,70,70,70,70,70,70,70],"card_choices":[{"not_picked":["All Out Attack","Flying Knee"],"picked":"Dagger Spray","floor":1},{"not_picked":["Deadly Poison","PiercingWail"],"picked":"Backflip","floor":3},{"not_picked":["Skewer","Deadly Poison"],"picked":"Calculated Gamble","floor":4},{"not_picked":["Dagger Spray","Poisoned Stab"],"picked":"Deflect","floor":5},{"not_picked":["Flying Knee","Tools of the Trade","Infinite Blades"],"picked":"SKIP","floor":7},{"not_picked":["Flechettes","Slice"],"picked":"Blade Dance","floor":8},{"not_picked":["Sucker Punch","Footwork","Masterful Stab"],"picked":"SKIP","floor":12},{"not_picked":["Eviscerate","Heel Hook"],"picked":"Underhanded Strike","floor":13},{"not_picked":["Poisoned Stab","Terror"],"picked":"Blade Dance","floor":14},{"not_picked":["Envenom","Glass Knife"],"picked":"After Image","floor":16},{"not_picked":["Deflect","Dodge and Roll"],"picked":"Finisher","floor":18},{"not_picked":["Backstab+1","Dagger Spray"],"picked":"Dodge and Roll+1","floor":19},{"not_picked":["Quick Slash","Well Laid Plans"],"picked":"Blade Dance","floor":20},{"not_picked":["Dagger Spray","Terror"],"picked":"Outmaneuver","floor":22},{"not_picked":["Finisher","Masterful Stab"],"picked":"Acrobatics","floor":23}],"player_experience":108694,"relics_obtained":[{"floor":8,"key":"Bronze Scales"},{"floor":11,"key":"Lantern"},{"floor":12,"key":"Incense Burner"}],"event_choices":[{"damage_healed":0,"gold_gain":0,"player_choice":"Ignored","damage_taken":0,"max_hp_gain":0,"max_hp_loss":0,"event_name":"Ghosts","floor":21,"gold_loss":0}],"is_beta":false,"boss_relics":[{"not_picked":["Snecko Eye","Calling Bell"],"picked":"Runic Pyramid"}],"items_purged_floors":[2],"is_endless":false,"potions_floor_spawned":[1,3,5,14,18],"killed_by":"Gremlin Leader","ascension_level":2}