{"gold_per_floor":[115,135,85,85,10,39,58,58,58,58,86,62,62,82,82,182,182,152,170,170,185,95,95,112,141,214,214,249,268,268,168,168,267,267,285,285,303,31,51,61,61,0,47,67,67,78,44,63,63,63],"floor_reached":51,"playtime":4257,"items_purged":["Defend_G","Doppelganger","Strike_G"],"score":732,"play_id":"cc2ad38f-1a8f-44fb-8b75-ee61824c2552","local_time":"20220106094939","is_ascension_mode":true,"campfire_choices":[{"floor":8.0,"key":"REST"},{"data":"Eviscerate","floor":13.0,"key":"SMITH"},{"data":"Deflect","floor":15.0,"key":"SMITH"},{"data":"Prepared","floor":23.0,"key":"SMITH"},{"data":"Dagger Throw","floor":27.0,"key":"SMITH"},{"data":"Acrobatics","floor":30.0,"key":"SMITH"},{"data":"PiercingWail","floor":32.0,"key":"SMITH"},{"data":"Die Die Die","floor":41.0,"key":"SMITH"},{"floor":49,"key":"REST"}],"neow_cost":"NONE","seed_source_timestamp":1121789438359600,"circlet_count":0,"master_deck":["Strike_G","Strike_G","Strike_G","Defend_G","Defend_G","Survivor","Neutralize","Flying Knee","Dagger Throw+1","Deflect+1","Cloak And Dagger+1","Quick Slash","Acrobatics+1","Eviscerate+1","PiercingWail+1","Prepared+1","Prepared+1","Slice+1","Backflip","Footwork","Flying Knee","PiercingWail","Die Die Die+1","Deflect","Bandage Up","Caltrops+1","Reflex","Deflect+1","Die Die Die","Eviscerate","Underhanded Strike+1"],"special_seed":0,"relics":["Ring of the Snake","Tingsha","Darkstone Periapt","Ancient Tea Set","FossilizedHelix","Runic Pyramid","Art of War","White Beast Statue","Shuriken","HoveringKite","Juzu Bracelet","Red Mask","Anchor"],"potions_floor_usage":[50,50,50],"damage_taken":[{"damage":0.0,"enemies":"Cultist","floor":1.0,"turns":4.0},{"damage":20.0,"enemies":"Jaw Worm","floor":2.0,"turns":4.0},{"damage":18.0,"enemies":"Gremlin Nob","floor":6.0,"turns":4.0},{"damage":1.0,"enemies":"2 Louse","floor":7.0,"turns":2.0},{"damage":12.0,"enemies":"3 Sentries","floor":11.0,"turns":6.0},{"damage":0.0,"enemies":"Blue Slaver","floor":14.0,"turns":1.0},{"damage":23.0,"enemies":"Hexaghost","floor":16.0,"turns":11.0},{"damage":3.0,"enemies":"2 Thieves","floor":18.0,"turns":5.0},{"damage":4.0,"enemies":"3 Byrds","floor":19.0,"turns":4.0},{"damage":0.0,"enemies":"Centurion and Healer","floor":21.0,"turns":6.0},{"damage":5.0,"enemies":"Snake Plant","floor":24.0,"turns":3.0},{"damage":2.0,"enemies":"Gremlin Leader","floor":25.0,"turns":8.0},{"damage":1.0,"enemies":"Book of Stabbing","floor":28.0,"turns":4.0},{"damage":0.0,"enemies":"Chosen and Byrds","floor":29.0,"turns":3.0},{"damage":0.0,"enemies":"Champ","floor":33.0,"turns":10.0},{"damage":17.0,"enemies":"3 Shapes","floor":35.0,"turns":4.0},{"damage":6.0,"enemies":"3 Darklings","floor":37.0,"turns":5.0},{"damage":12.0,"enemies":"Spire Growth","floor":39.0,"turns":5.0},{"damage":23.0,"enemies":"4 Shapes","floor":40.0,"turns":5.0},{"damage":0.0,"enemies":"3 Darklings","floor":44.0,"turns":3.0},{"damage":0.0,"enemies":"Transient","floor":46.0,"turns":5.0},{"damage":5.0,"enemies":"Maw","floor":48.0,"turns":6.0},{"damage":28,"enemies":"Donu and Deca","floor":50,"turns":8}],"seed_played":"3127432508976167736","potions_obtained":[{"floor":6.0,"key":"Strength Potion"},{"floor":7.0,"key":"GamblersBrew"},{"floor":14.0,"key":"Fruit Juice"},{"floor":16.0,"key":"Weak Potion"},{"floor":18.0,"key":"SkillPotion"},{"floor":19.0,"key":"Regen Potion"},{"floor":33.0,"key":"Fruit Juice"},{"floor":35.0,"key":"SteroidPotion"},{"floor":39.0,"key":"DistilledChaos"},{"floor":40.0,"key":"Block Potion"},{"floor":44.0,"key":"Swift Potion"},{"floor":45.0,"key":"Fire Potion"}],"is_trial":false,"path_per_floor":["M","M","?","?","$","E","M","R","T","?","E","$","R","M","R","B",null,"M","M","?","M","?","R","M","E","T","R","E","M","R","$","R","B",null,"M","?","M","$","M","M","R","?","T","M","?","M","$","M","R","B",null],"character_chosen":"THE_SILENT","items_purchased":["PiercingWail","Juzu Bracelet","Eviscerate"],"campfire_rested":2,"item_purchase_floors":[12,38,47],"current_hp_per_floor":[70,50,50,50,50,32,31,52,52,49,37,37,37,42,42,19,75,72,68,68,68,68,68,63,61,61,61,60,60,60,60,60,60,75,63,63,61,61,53,43,43,43,43,47,47,51,51,50,74,50],"gold":63,"neow_bonus":"THREE_CARDS","is_prod":false,"is_daily":false,"chose_seed":false,"campfire_upgraded":7,"win_rate":0,"timestamp":1641442779,"path_taken":["M","M","?","?","$","E","M","R","T","?","E","?","R","M","R","BOSS","M","?","?","M","?","R","M","E","T","R","E","?","R","$","R","BOSS","M","?","M","$","M","M","R","?","T","M","?","M","?","M","R","BOSS"],"build_version":"2020-12-22","purchased_purges":3,"victory":true,"max_hp_per_floor":[70,70,70,70,70,70,70,70,70,70,70,70,70,75,75,75,75,75,75,75,75,75,75,75,75,75,75,75,75,75,75,75,75,75,80,80,80,80,80,80,80,80,80,80,80,80,80,80,80,80],"card_choices":[{"not_picked":["Bane","Bouncing Flask"],"picked":"Flying Knee","floor":0.0},{"not_picked":["Deflect","Blur"],"picked":"Dagger Throw","floor":1.0},{"not_picked":["Flying Knee","Dagger Spray"],"picked":"Deflect","floor":2.0},{"not_picked":["Bouncing Flask","Glass Knife"],"picked":"Quick Slash","floor":6.0},{"not_picked":["Bouncing Flask","Flechettes"],"picked":"Acrobatics","floor":7.0},{"not_picked":["Dodge and Roll","Dagger Spray"],"picked":"Eviscerate","floor":11.0},{"not_picked":["Bane","Choke"],"picked":"Prepared","floor":14.0},{"not_picked":["Unload","Die Die Die"],"picked":"Doppelganger","floor":16.0},{"not_picked":["Backstab","Distraction"],"picked":"Prepared+1","floor":18.0},{"not_picked":["Bane","Blade Dance"],"picked":"Slice+1","floor":19.0},{"not_picked":["Footwork","Blur","Tactician"],"picked":"SKIP","floor":21.0},{"not_picked":["Reflex+1","Poisoned Stab"],"picked":"Footwork","floor":24.0},{"not_picked":["Dash","Crippling Poison+1"],"picked":"Flying Knee","floor":25.0},{"not_picked":["Infinite Blades","Escape Plan","Tactician+1"],"picked":"SKIP","floor":28.0},{"not_picked":["Prepared+1","Accuracy"],"picked":"PiercingWail","floor":29.0},{"not_picked":["Wraith Form v2","Venomology"],"picked":"Die Die Die","floor":33.0},{"not_picked":["Acrobatics","Dodge and Roll+1"],"picked":"Deflect","floor":35.0},{"not_picked":["Magnetism","Swift Strike"],"picked":"Bandage Up","floor":36.0},{"not_picked":["Blade Dance+1","Riddle With Holes"],"picked":"Caltrops+1","floor":37.0},{"not_picked":["Endless Agony+1","Expertise"],"picked":"Reflex","floor":39.0},{"not_picked":["Sucker Punch+1","Terror"],"picked":"Deflect+1","floor":40.0},{"not_picked":["Tactician+1","Riddle With Holes+1"],"picked":"Die Die Die","floor":44.0},{"not_picked":["Poisoned Stab","Prepared","Deadly Poison"],"picked":"SKIP","floor":46.0},{"not_picked":["Dodge and Roll+1","Poisoned Stab+1"],"picked":"Underhanded Strike+1","floor":48.0}],"player_experience":78849,"relics_obtained":[{"floor":6.0,"key":"Tingsha"},{"floor":9.0,"key":"Darkstone Periapt"},{"floor":11.0,"key":"FossilizedHelix"},{"floor":25.0,"key":"Art of War"},{"floor":26.0,"key":"White Beast Statue"},{"floor":28.0,"key":"Shuriken"},{"floor":43.0,"key":"Anchor"}],"event_choices":[{"cards_removed":["Defend_G"],"damage_healed":0.0,"max_hp_gain":0.0,"max_hp_loss":0.0,"gold_gain":0.0,"event_name":"The Cleric","player_choice":"Card Removal","floor":3.0,"gold_loss":50.0,"damage_taken":0.0},{"damage_healed":0.0,"max_hp_gain":0.0,"max_hp_loss":0.0,"gold_gain":0.0,"cards_transformed":["Defend_G"],"event_name":"Living Wall","player_choice":"Change","floor":4.0,"gold_loss":0.0,"damage_taken":0.0,"cards_obtained":["Cloak And Dagger"]},{"damage_healed":0.0,"max_hp_gain":0.0,"max_hp_loss":0.0,"gold_gain":0.0,"event_name":"Scrap Ooze","player_choice":"Success","floor":10.0,"gold_loss":0.0,"damage_taken":3.0,"relics_obtained":["Ancient Tea Set"]},{"damage_healed":0.0,"max_hp_gain":0.0,"max_hp_loss":0.0,"gold_gain":0.0,"event_name":"The Library","player_choice":"Read","floor":20.0,"gold_loss":0.0,"damage_taken":0.0,"cards_obtained":["Backflip"]},{"cards_removed":["Strike_G"],"damage_healed":0.0,"max_hp_gain":0.0,"max_hp_loss":0.0,"gold_gain":0.0,"event_name":"Designer","player_choice":"Upgrade and Remove","floor":22.0,"gold_loss":90.0,"damage_taken":0.0,"cards_upgraded":["Cloak And Dagger"]},{"damage_healed":0.0,"max_hp_gain":0.0,"max_hp_loss":0.0,"gold_gain":0.0,"event_name":"SensoryStone","player_choice":"Memory 1","floor":36.0,"gold_loss":0.0,"damage_taken":0.0},{"damage_healed":0.0,"max_hp_gain":0.0,"max_hp_loss":0.0,"gold_gain":0.0,"event_name":"Tomb of Lord Red Mask","player_choice":"Paid","floor":42.0,"gold_loss":61.0,"damage_taken":0.0,"relics_obtained":["Red Mask"]},{"damage_healed":0.0,"max_hp_gain":0.0,"max_hp_loss":0.0,"gold_gain":0.0,"event_name":"Lab","player_choice":"Got Potions","floor":45.0,"gold_loss":0.0,"damage_taken":0.0}],"is_beta":false,"boss_relics":[{"not_picked":["Fusion Hammer","Coffee Dripper"],"picked":"Runic Pyramid"},{"not_picked":["WristBlade","SlaversCollar"],"picked":"HoveringKite"}],"items_purged_floors":[5,31,38],"is_endless":false,"potions_floor_spawned":[6,7,14,16,18,19,21,28,29,33,35,37,39,40,44,46,48],"ascension_level":1}