{"gold_per_floor":[114,39,53,14,31,65,65,76,99,99,134,221,243,283,295,402,414,437,467,479,147,158,158,158,171,240,266,266,43,62,79,79,181,181,196,216,231,231,249,269,269,269,316,316,117,140,140,158,158,158],"floor_reached":50,"playtime":2722,"items_purged":["Doubt","Strike_G"],"score":557,"play_id":"0d690416-0bdf-4eb0-acbe-9733712a23d4","local_time":"20220118230529","is_ascension_mode":true,"campfire_choices":[{"floor":15.0,"key":"REST"},{"data":"Accuracy","floor":23.0,"key":"SMITH"},{"floor":28.0,"key":"REST"},{"data":"Venomology","floor":32.0,"key":"SMITH"},{"floor":41.0,"key":"REST"},{"data":"After Image","floor":44.0,"key":"SMITH"},{"floor":47,"key":"REST"},{"floor":49,"key":"RECALL"}],"neow_cost":"CURSE","seed_source_timestamp":15938056225700,"circlet_count":0,"master_deck":["Defend_G","Defend_G","Defend_G","Survivor","Neutralize","A Thousand Cuts","Quick Slash","Footwork","Dagger Spray+1","Accuracy+1","Deflect","Blade Dance","Venomology+1","Dagger Spray","Cloak And Dagger","Burst","After Image+1","Poisoned Stab","Leg Sweep","Bane","Poisoned Stab","Dodge and Roll","Acrobatics","Blur+1","Blade Dance+1","Backflip+1","Outmaneuver+1","Blade Dance+1","Sucker Punch+1","Storm of Steel+1","Neutralize","Deadly Poison+1","Parasite","Deadly Poison+1","Deadly Poison+1","PiercingWail+1","Cloak And Dagger+1"],"special_seed":0,"relics":["Ring of the Serpent","Whetstone","Snake Skull","MawBank","Darkstone Periapt","Vajra","Toxic Egg 2","Torii","Happy Flower","Empty Cage","Toy Ornithopter","Art of War"],"potions_floor_usage":[50,50],"damage_taken":[{"damage":0.0,"enemies":"Small Slimes","floor":1.0,"turns":3.0},{"damage":1.0,"enemies":"2 Louse","floor":3.0,"turns":4.0},{"damage":11.0,"enemies":"Jaw Worm","floor":5.0,"turns":4.0},{"damage":10.0,"enemies":"Lagavulin","floor":6.0,"turns":13.0},{"damage":0.0,"enemies":"3 Louse","floor":8.0,"turns":5.0},{"damage":8.0,"enemies":"Gremlin Nob","floor":11.0,"turns":3.0},{"damage":5.0,"enemies":"Looter","floor":13.0,"turns":3.0},{"damage":22.0,"enemies":"3 Sentries","floor":14.0,"turns":6.0},{"damage":13.0,"enemies":"The Guardian","floor":16.0,"turns":11.0},{"damage":4.0,"enemies":"Spheric Guardian","floor":18.0,"turns":8.0},{"damage":0.0,"enemies":"3 Byrds","floor":19.0,"turns":3.0},{"damage":9.0,"enemies":"Snecko","floor":22.0,"turns":4.0},{"damage":27.0,"enemies":"Snake Plant","floor":25.0,"turns":6.0},{"damage":27.0,"enemies":"Book of Stabbing","floor":27.0,"turns":8.0},{"damage":0.0,"enemies":"Chosen and Byrds","floor":30.0,"turns":6.0},{"damage":0.0,"enemies":"Snecko","floor":31.0,"turns":6.0},{"damage":18.0,"enemies":"Automaton","floor":33.0,"turns":9.0},{"damage":18.0,"enemies":"3 Shapes","floor":35.0,"turns":2.0},{"damage":2.0,"enemies":"Orb Walker","floor":36.0,"turns":3.0},{"damage":24.0,"enemies":"Spire Growth","floor":37.0,"turns":5.0},{"damage":29.0,"enemies":"Writhing Mass","floor":39.0,"turns":8.0},{"damage":35.0,"enemies":"Jaw Worm Horde","floor":40.0,"turns":4.0},{"damage":82,"enemies":"Transient","floor":48,"turns":5},{"damage":53,"enemies":"Donu and Deca","floor":50,"turns":6}],"seed_played":"-4489948206685845661","potions_obtained":[{"floor":1.0,"key":"SteroidPotion"},{"floor":6.0,"key":"PowerPotion"},{"floor":11.0,"key":"FairyPotion"},{"floor":13.0,"key":"Strength Potion"},{"floor":18.0,"key":"LiquidMemories"},{"floor":31.0,"key":"FairyPotion"},{"floor":33.0,"key":"Explosive Potion"},{"floor":35.0,"key":"SneckoOil"}],"is_trial":false,"path_per_floor":["M","$","M","$","M","E","?","M","T","?","E","?","M","E","R","B",null,"M","M","?","$","M","R","?","M","T","E","R","$","M","M","R","B",null,"M","M","M","?","M","M","R","?","T","R","$","T","R","M","R","B"],"character_chosen":"THE_SILENT","items_purchased":["Accuracy","Poisoned Stab","Vajra","Dodge and Roll","Blade Dance+1","Backflip+1","Happy Flower","PiercingWail+1","Toy Ornithopter"],"campfire_rested":4,"item_purchase_floors":[4,21,21,21,29,29,29,45,45],"current_hp_per_floor":[70,70,69,69,58,48,48,48,48,53,45,34,29,7,29,16,75,71,71,71,71,62,62,67,40,40,13,35,35,35,35,35,17,75,57,55,31,31,8,9,33,33,33,33,33,33,57,2,2,0],"gold":158,"neow_bonus":"TRANSFORM_TWO_CARDS","is_prod":false,"is_daily":false,"chose_seed":false,"campfire_upgraded":3,"win_rate":0,"timestamp":1642527329,"path_taken":["M","$","M","$","M","E","?","M","T","?","E","?","M","E","R","BOSS","M","M","?","$","M","R","?","?","T","E","R","$","M","M","R","BOSS","M","M","M","?","M","?","R","?","T","R","$","?","R","M","R","BOSS"],"build_version":"2020-12-22","purchased_purges":2,"victory":false,"max_hp_per_floor":[70,70,70,70,70,70,70,70,70,75,75,75,75,75,75,75,75,75,75,75,75,75,75,75,75,75,75,75,75,75,75,75,75,75,75,75,75,75,81,81,81,81,81,81,81,81,81,81,81,81],"card_choices":[{"not_picked":["Underhanded Strike","Terror"],"picked":"Footwork","floor":1.0},{"not_picked":["Eviscerate","Quick Slash"],"picked":"Dagger Spray","floor":3.0},{"not_picked":["Bouncing Flask","PiercingWail"],"picked":"Deflect","floor":5.0},{"not_picked":["Crippling Poison","Dash"],"picked":"Blade Dance","floor":6.0},{"not_picked":["Masterful Stab","Deflect"],"picked":"Dagger Spray","floor":8.0},{"not_picked":["Dagger Spray","Quick Slash"],"picked":"Cloak And Dagger","floor":11.0},{"not_picked":["Well Laid Plans","Backstab"],"picked":"Burst","floor":13.0},{"not_picked":["Heel Hook","Tactician"],"picked":"Deadly Poison","floor":14.0},{"not_picked":["Unload","Die Die Die"],"picked":"After Image","floor":16.0},{"not_picked":["Footwork+1","Bane+1"],"picked":"Poisoned Stab","floor":18.0},{"not_picked":["Well Laid Plans+1","Endless Agony"],"picked":"Leg Sweep","floor":19.0},{"not_picked":["Dagger Spray","Dagger Throw","Choke+1"],"picked":"SKIP","floor":22.0},{"not_picked":["Dodge and Roll","Caltrops"],"picked":"Acrobatics","floor":25.0},{"not_picked":["Choke","Cloak And Dagger+1"],"picked":"Blur+1","floor":27.0},{"not_picked":["Poisoned Stab+1","Leg Sweep+1","Distraction+1"],"picked":"SKIP","floor":30.0},{"not_picked":["Slice+1","Backflip+1"],"picked":"Outmaneuver+1","floor":31.0},{"not_picked":["Underhanded Strike","Cloak And Dagger+1"],"picked":"Blade Dance+1","floor":35.0},{"not_picked":["Slice","Quick Slash"],"picked":"Sucker Punch+1","floor":36.0},{"not_picked":["Dagger Spray+1","Riddle With Holes"],"picked":"Storm of Steel+1","floor":37.0},{"not_picked":["Choke","Flying Knee+1"],"picked":"Deadly Poison+1","floor":39.0},{"not_picked":["Backflip+1","PiercingWail+1"],"picked":"Deadly Poison+1","floor":40.0},{"not_picked":["Slice+1","Dagger Throw+1"],"picked":"Cloak And Dagger+1","floor":48}],"player_experience":132939,"relics_obtained":[{"floor":6.0,"key":"Whetstone"},{"floor":9.0,"key":"Snake Skull"},{"floor":11.0,"key":"MawBank"},{"floor":14.0,"key":"Darkstone Periapt"},{"floor":26.0,"key":"Toxic Egg 2"},{"floor":27.0,"key":"Torii"},{"floor":46,"key":"Art of War"}],"event_choices":[{"damage_healed":0.0,"max_hp_gain":0.0,"max_hp_loss":0.0,"gold_gain":0.0,"cards_transformed":["Strike_G"],"event_name":"Living Wall","player_choice":"Change","floor":7.0,"gold_loss":0.0,"damage_taken":0.0,"cards_obtained":["Venomology"]},{"damage_healed":0.0,"max_hp_gain":5.0,"max_hp_loss":0.0,"gold_gain":0.0,"event_name":"Big Fish","player_choice":"Donut","floor":10.0,"gold_loss":0.0,"damage_taken":0.0},{"damage_healed":0.0,"max_hp_gain":0.0,"max_hp_loss":0.0,"gold_gain":75.0,"event_name":"World of Goop","player_choice":"Gather Gold","floor":12.0,"gold_loss":0.0,"damage_taken":11.0},{"damage_healed":0.0,"max_hp_gain":0.0,"max_hp_loss":0.0,"gold_gain":0.0,"cards_transformed":["Strike_G","Strike_G"],"event_name":"Drug Dealer","player_choice":"Became Test Subject","floor":20.0,"gold_loss":0.0,"damage_taken":0.0,"cards_obtained":["Quick Slash","Bane"]},{"cards_removed":["Deadly Poison"],"damage_healed":5.0,"max_hp_gain":0.0,"max_hp_loss":0.0,"gold_gain":0.0,"event_name":"Bonfire Elementals","player_choice":"Offered Common","floor":24.0,"gold_loss":0.0,"damage_taken":0.0},{"cards_removed":["Deadly Poison"],"damage_healed":5.0,"max_hp_gain":0.0,"max_hp_loss":0.0,"gold_gain":0.0,"event_name":"Bonfire Elementals","player_choice":"Offered Special","floor":24.0,"gold_loss":0.0,"damage_taken":0.0},{"damage_healed":0.0,"max_hp_gain":0.0,"max_hp_loss":0.0,"gold_gain":0.0,"event_name":"Match and Keep!","player_choice":"2 cards matched","floor":38.0,"gold_loss":0.0,"damage_taken":0.0,"cards_obtained":["Neutralize","Deadly Poison"]},{"damage_healed":0.0,"max_hp_gain":0.0,"max_hp_loss":0.0,"gold_gain":0.0,"event_name":"The Woman in Blue","player_choice":"Bought 0 Potions","floor":42.0,"gold_loss":0.0,"damage_taken":0.0}],"is_beta":false,"boss_relics":[{"not_picked":["Sozu","Velvet Choker"],"picked":"Ring of the Serpent"},{"not_picked":["Black Star","Calling Bell"],"picked":"Empty Cage"}],"items_purged_floors":[2,21],"is_endless":false,"potions_floor_spawned":[1,6,8,11,13,18,31,33,35,37],"killed_by":"Donu and Deca","ascension_level":2}