{"gold_per_floor":[117,132,147,165,176,209,209,226,249,220,220,237,237,252,252,348,398,413,428,71,84,84,111,111,111,111,125,143,159,159,188,188,188],"floor_reached":33,"playtime":1651,"items_purged":["Strike_G"],"score":347,"play_id":"54c4abf3-268d-44d6-a7ef-ea738f161ccb","local_time":"20220119105140","is_ascension_mode":true,"campfire_choices":[{"data":"1","floor":7.0,"key":"LIFT"},{"floor":11.0,"key":"REST"},{"data":"2","floor":13.0,"key":"LIFT"},{"data":"Crippling Poison","floor":15.0,"key":"SMITH"},{"data":"3","floor":24.0,"key":"LIFT"},{"floor":30.0,"key":"REST"},{"floor":32,"key":"REST"}],"neow_cost":"NONE","seed_source_timestamp":59391549060000,"circlet_count":0,"master_deck":["Defend_G","Defend_G","Defend_G","Defend_G","Survivor","Neutralize","Sucker Punch+1","Prepared","Poisoned Stab","Crippling Poison+1","Terror","Poisoned Stab+1","Prepared","Adrenaline+1","Dodge and Roll","Dagger Throw+1","Prepared","Catalyst","Sucker Punch+1","Bite","Bite","Bite","Bite","Bite","Acrobatics","Bane","Backflip","Footwork+1","Backflip+1"],"special_seed":0,"relics":["Ring of the Snake","Tiny Chest","Girya","Ancient Tea Set","Tiny House","Paper Crane","Bronze Scales","Whetstone","Vajra"],"potions_floor_usage":[33],"damage_taken":[{"damage":0.0,"enemies":"2 Louse","floor":1.0,"turns":4.0},{"damage":2.0,"enemies":"Small Slimes","floor":2.0,"turns":5.0},{"damage":1.0,"enemies":"Jaw Worm","floor":3.0,"turns":4.0},{"damage":0.0,"enemies":"Blue Slaver","floor":4.0,"turns":4.0},{"damage":12.0,"enemies":"Large Slime","floor":5.0,"turns":8.0},{"damage":19.0,"enemies":"Lagavulin","floor":6.0,"turns":7.0},{"damage":15.0,"enemies":"Exordium Thugs","floor":8.0,"turns":4.0},{"damage":0.0,"enemies":"Blue Slaver","floor":12.0,"turns":2.0},{"damage":0.0,"enemies":"Gremlin Gang","floor":14.0,"turns":3.0},{"damage":35.0,"enemies":"Slime Boss","floor":16.0,"turns":10.0},{"damage":7.0,"enemies":"3 Byrds","floor":18.0,"turns":5.0},{"damage":12.0,"enemies":"2 Thieves","floor":19.0,"turns":4.0},{"damage":6.0,"enemies":"Chosen and Byrds","floor":21.0,"turns":4.0},{"damage":32.0,"enemies":"Gremlin Leader","floor":23.0,"turns":6.0},{"damage":3.0,"enemies":"Sentry and Sphere","floor":27.0,"turns":4.0},{"damage":17.0,"enemies":"Centurion and Healer","floor":28.0,"turns":5.0},{"damage":3.0,"enemies":"Snake Plant","floor":29.0,"turns":3.0},{"damage":27,"enemies":"Slavers","floor":31,"turns":5},{"damage":51,"enemies":"Automaton","floor":33,"turns":8}],"seed_played":"-8952450850275595661","potions_obtained":[{"floor":3.0,"key":"Fire Potion"},{"floor":4.0,"key":"Energy Potion"},{"floor":6.0,"key":"GhostInAJar"},{"floor":8.0,"key":"LiquidMemories"},{"floor":17.0,"key":"ColorlessPotion"},{"floor":21.0,"key":"Fire Potion"},{"floor":23.0,"key":"Fire Potion"},{"floor":28.0,"key":"Ancient Potion"}],"is_trial":false,"path_per_floor":["M","M","M","M","M","E","R","M","T","?","R","M","R","M","R","B",null,"M","M","$","M","?","E","R","?","T","M","M","M","R","E","R","B"],"character_chosen":"THE_SILENT","items_purchased":["Catalyst","Paper Crane"],"campfire_rested":3,"item_purchase_floors":[20,20],"current_hp_per_floor":[70,68,67,67,55,36,36,21,21,21,42,42,42,42,42,7,75,68,56,56,50,50,30,30,30,30,33,24,27,42,23,38,0],"gold":188,"neow_bonus":"RANDOM_COMMON_RELIC","is_prod":false,"is_daily":false,"chose_seed":false,"campfire_upgraded":1,"win_rate":0,"timestamp":1642569700,"path_taken":["M","M","M","M","M","E","R","M","T","?","R","M","R","M","R","BOSS","M","M","$","M","?","E","R","?","T","M","M","M","R","E","R","BOSS"],"build_version":"2020-12-22","purchased_purges":1,"victory":false,"max_hp_per_floor":[70,70,70,70,70,70,70,70,70,70,70,70,70,70,70,70,75,75,75,75,75,52,52,52,52,52,52,52,52,52,52,52,52],"card_choices":[{"not_picked":["Setup","Outmaneuver"],"picked":"Sucker Punch","floor":1.0},{"not_picked":["Slice","Finisher"],"picked":"Prepared","floor":2.0},{"not_picked":["Distraction","Underhanded Strike"],"picked":"Poisoned Stab","floor":3.0},{"not_picked":["Escape Plan","Distraction"],"picked":"Crippling Poison","floor":4.0},{"not_picked":["Bane","Blur"],"picked":"Terror","floor":5.0},{"not_picked":["Slice","Flying Knee"],"picked":"Poisoned Stab","floor":6.0},{"not_picked":["All Out Attack","Flying Knee"],"picked":"Prepared","floor":8.0},{"not_picked":["Concentrate","Reflex","Finisher"],"picked":"SKIP","floor":12.0},{"not_picked":["Flying Knee","Bullet Time","Sucker Punch"],"picked":"SKIP","floor":14.0},{"not_picked":["Grand Finale","Unload"],"picked":"Adrenaline","floor":16.0},{"not_picked":["Leg Sweep","Underhanded Strike"],"picked":"Dodge and Roll","floor":17.0},{"not_picked":["Flying Knee","All Out Attack"],"picked":"Dagger Throw+1","floor":18.0},{"not_picked":["Blade Dance","Sucker Punch"],"picked":"Prepared","floor":19.0},{"not_picked":["Caltrops","Escape Plan+1"],"picked":"Sucker Punch+1","floor":21.0},{"not_picked":["Unload","Flying Knee+1"],"picked":"Acrobatics","floor":23.0},{"not_picked":["Underhanded Strike","Die Die Die"],"picked":"Bane","floor":27.0},{"not_picked":["Blade Dance+1","Acrobatics+1"],"picked":"Backflip","floor":28.0},{"not_picked":["Escape Plan","Prepared+1"],"picked":"Footwork+1","floor":29.0},{"not_picked":["Reflex","Acrobatics+1"],"picked":"Backflip+1","floor":31}],"player_experience":137799,"relics_obtained":[{"floor":6.0,"key":"Girya"},{"floor":9.0,"key":"Ancient Tea Set"},{"floor":23.0,"key":"Bronze Scales"},{"floor":26.0,"key":"Whetstone"},{"floor":31,"key":"Vajra"}],"event_choices":[{"damage_healed":0.0,"max_hp_gain":0.0,"max_hp_loss":0.0,"gold_gain":0.0,"event_name":"World of Goop","player_choice":"Left Gold","floor":10.0,"gold_loss":29.0,"damage_taken":0.0},{"damage_healed":0.0,"max_hp_gain":0.0,"max_hp_loss":23.0,"gold_gain":0.0,"event_name":"Vampires","player_choice":"Became a vampire","floor":22.0,"gold_loss":0.0,"damage_taken":0.0,"cards_obtained":["Bite","Bite","Bite","Bite","Bite"]},{"cards_removed":["Defend_G"],"damage_healed":0.0,"max_hp_gain":0.0,"max_hp_loss":0.0,"gold_gain":0.0,"event_name":"Back to Basics","player_choice":"Elegance","floor":25.0,"gold_loss":0.0,"damage_taken":0.0}],"is_beta":false,"boss_relics":[{"not_picked":["Cursed Key","Snecko Eye"],"picked":"Tiny House"}],"items_purged_floors":[20],"is_endless":false,"potions_floor_spawned":[3,4,6,8,21,23,28],"killed_by":"Automaton","ascension_level":2}