{"gold_per_floor":[117,137,69,84,104,104,131,131,131,160,178,6,6,6,6,6],"floor_reached":16,"playtime":663,"items_purged":["Defend_G"],"score":121,"play_id":"5ab9b554-aaed-45a7-9fec-01e4840293c9","local_time":"20220116002049","is_ascension_mode":true,"campfire_choices":[{"data":"Dagger Throw","floor":6,"key":"SMITH"},{"floor":8,"key":"REST"},{"data":"Skewer","floor":13,"key":"SMITH"},{"data":"Prepared","floor":15,"key":"SMITH"}],"neow_cost":"NONE","seed_source_timestamp":132380634204400,"circlet_count":0,"master_deck":["Strike_G","Strike_G","Strike_G","Strike_G","Strike_G","Defend_G","Defend_G","Defend_G","Defend_G","Survivor","Neutralize","Dagger Throw+1","Skewer+1","Corpse Explosion","Dodge and Roll","Blade Dance","Prepared+1","Dagger Throw","Calculated Gamble"],"relics":["Ring of the Snake","NeowsBlessing","Bottled Flame","Letter Opener","Ginger","Art of War"],"potions_floor_usage":[10,10,12,16],"damage_taken":[{"damage":0,"enemies":"Cultist","floor":1,"turns":1},{"damage":0,"enemies":"Small Slimes","floor":2,"turns":1},{"damage":0,"enemies":"Jaw Worm","floor":4,"turns":1},{"damage":18,"enemies":"Exordium Thugs","floor":5,"turns":6},{"damage":22,"enemies":"3 Sentries","floor":7,"turns":5},{"damage":12,"enemies":"Gremlin Nob","floor":10,"turns":4},{"damage":2,"enemies":"Looter","floor":11,"turns":3},{"damage":44,"enemies":"Hexaghost","floor":16,"turns":10}],"seed_played":"-3825357797092753137","potions_obtained":[{"floor":1,"key":"Energy Potion"},{"floor":5,"key":"FearPotion"},{"floor":7,"key":"Swift Potion"},{"floor":11,"key":"ColorlessPotion"}],"is_trial":false,"path_per_floor":["M","M","$","M","M","R","E","R","T","E","M","$","R","?","R","B"],"character_chosen":"THE_SILENT","items_purchased":["Corpse Explosion","Fruit Juice"],"campfire_rested":1,"item_purchase_floors":[3,12],"current_hp_per_floor":[70,70,70,70,52,52,30,51,51,39,37,42,42,42,42,0],"gold":6,"neow_bonus":"THREE_ENEMY_KILL","is_prod":false,"is_daily":false,"chose_seed":false,"campfire_upgraded":3,"win_rate":0,"timestamp":1642272649,"path_taken":["M","M","?","M","M","R","E","R","T","E","M","$","R","?","R","BOSS"],"build_version":"2020-12-22","purchased_purges":1,"victory":false,"max_hp_per_floor":[70,70,70,70,70,70,70,70,70,70,70,75,75,75,75,75],"card_choices":[{"not_picked":["Eviscerate","Acrobatics"],"picked":"Dagger Throw","floor":1},{"not_picked":["Bane","Outmaneuver"],"picked":"Skewer","floor":2},{"not_picked":["Endless Agony","Cloak And Dagger"],"picked":"Dodge and Roll","floor":4},{"not_picked":["Deadly Poison","Slice"],"picked":"Blade Dance","floor":5},{"not_picked":["Escape Plan","Footwork"],"picked":"Prepared","floor":7},{"not_picked":["Grand Finale","Bane"],"picked":"Dagger Throw","floor":10},{"not_picked":["Skewer","Heel Hook"],"picked":"Calculated Gamble","floor":11}],"player_experience":125077,"relics_obtained":[{"floor":7,"key":"Bottled Flame"},{"floor":9,"key":"Letter Opener"},{"floor":10,"key":"Ginger"}],"event_choices":[{"damage_healed":0,"gold_gain":0,"player_choice":"Gave Potion","damage_taken":0,"relics_obtained":["Art of War"],"max_hp_gain":0,"max_hp_loss":0,"event_name":"WeMeetAgain","floor":14,"gold_loss":0}],"is_beta":false,"boss_relics":[],"items_purged_floors":[12],"is_endless":false,"potions_floor_spawned":[1,5,7,11],"killed_by":"Hexaghost","ascension_level":2}