{"gold_per_floor":[115,131,148,160,174,174,188,79,103,121,137,137,170,190,190,286,286,302,4,19,31,42,42,67,67,145,145,176,176,196,216,216,316,316,330,330,330,83,103,131,131,53,78,78,300,327,327,347,347,347],"floor_reached":50,"playtime":2138,"items_purged":["Defend_G","Strike_G"],"score":714,"play_id":"ffc569e2-c729-45a3-8453-62b0cc05f879","local_time":"20220119102226","is_ascension_mode":true,"campfire_choices":[{"floor":6.0,"key":"REST"},{"floor":12.0,"key":"REST"},{"floor":15.0,"key":"REST"},{"floor":23,"key":"REST"},{"floor":25,"key":"REST"},{"floor":27,"key":"REST"},{"floor":32,"key":"REST"},{"floor":41,"key":"REST"},{"data":"Catalyst","floor":49,"key":"SMITH"}],"neow_cost":"NONE","seed_source_timestamp":0,"circlet_count":0,"master_deck":["Strike_G","Strike_G","Strike_G","Strike_G","Defend_G","Defend_G","Defend_G","Defend_G","Survivor+1","Neutralize","Catalyst+1","Bouncing Flask","Acrobatics","Bane","Crippling Poison","PiercingWail","Deflect+1","Adrenaline+1","Prepared+1","Deadly Poison+1","Catalyst+1","Backflip+1","Acrobatics+1","Deadly Poison+1","PiercingWail+1","Deflect+1","Burst+1","Catalyst+1","Terror+1","Noxious Fumes","Backflip+1"],"special_seed":0,"relics":["Ring of the Snake","MealTicket","Toxic Egg 2","SlaversCollar","DollysMirror","Centennial Puzzle","Ninja Scroll","Red Mask","Runic Dome","Bottled Lightning","Oddly Smooth Stone","Smiling Mask","Pear","Dream Catcher"],"potions_floor_usage":[33,33,48,50,50],"damage_taken":[{"damage":0.0,"enemies":"Cultist","floor":1.0,"turns":4.0},{"damage":3.0,"enemies":"Jaw Worm","floor":2.0,"turns":5.0},{"damage":0.0,"enemies":"Small Slimes","floor":3.0,"turns":3.0},{"damage":42.0,"enemies":"Gremlin Gang","floor":4.0,"turns":7.0},{"damage":15.0,"enemies":"Exordium Wildlife","floor":5.0,"turns":5.0},{"damage":9.0,"enemies":"Looter","floor":7.0,"turns":3.0},{"damage":11.0,"enemies":"Lots of Slimes","floor":10.0,"turns":3.0},{"damage":9.0,"enemies":"Blue Slaver","floor":11.0,"turns":2.0},{"damage":17.0,"enemies":"Lagavulin","floor":13.0,"turns":5.0},{"damage":0.0,"enemies":"Looter","floor":14.0,"turns":4.0},{"damage":6.0,"enemies":"Hexaghost","floor":16.0,"turns":7.0},{"damage":23.0,"enemies":"3 Byrds","floor":18.0,"turns":7.0},{"damage":0.0,"enemies":"2 Thieves","floor":20.0,"turns":4.0},{"damage":51.0,"enemies":"Snecko","floor":21.0,"turns":5.0},{"damage":0.0,"enemies":"Chosen and Byrds","floor":22.0,"turns":6.0},{"damage":29,"enemies":"Gremlin Leader","floor":24,"turns":6},{"damage":19,"enemies":"Masked Bandits","floor":28,"turns":5},{"damage":0,"enemies":"Snake Plant","floor":30,"turns":2},{"damage":13,"enemies":"3 Cultists","floor":31,"turns":5},{"damage":0,"enemies":"Collector","floor":33,"turns":5},{"damage":39,"enemies":"3 Darklings","floor":35,"turns":4},{"damage":0,"enemies":"3 Shapes","floor":39,"turns":3},{"damage":0,"enemies":"Giant Head","floor":40,"turns":4},{"damage":12,"enemies":"Nemesis","floor":46,"turns":5},{"damage":0,"enemies":"Transient","floor":48,"turns":5},{"damage":70,"enemies":"Time Eater","floor":50,"turns":8}],"seed_played":"119961635219668352","potions_obtained":[{"floor":3.0,"key":"LiquidMemories"},{"floor":5.0,"key":"Strength Potion"},{"floor":7.0,"key":"SpeedPotion"},{"floor":11.0,"key":"CunningPotion"},{"floor":16.0,"key":"EssenceOfSteel"},{"floor":20.0,"key":"DuplicationPotion"},{"floor":31,"key":"LiquidMemories"},{"floor":33,"key":"EssenceOfSteel"},{"floor":35,"key":"Poison Potion"}],"is_trial":false,"path_per_floor":["M","M","M","M","M","R","M","$","T","M","M","R","E","M","R","B",null,"M","$","M","M","M","R","E","R","T","R","?","?","M","M","R","B",null,"M","?","?","$","M","E","R","$","T","?","?","E","T","M","R","B"],"character_chosen":"THE_SILENT","items_purchased":["Crippling Poison","Deadly Poison+1","DollysMirror","Bottled Lightning","Noxious Fumes"],"campfire_rested":8,"item_purchase_floors":[8,19,19,38,42],"current_hp_per_floor":[70,67,67,25,10,31,22,22,22,11,2,23,6,6,27,21,70,47,62,62,11,11,32,3,24,24,45,26,20,20,7,28,28,70,31,31,31,46,46,46,67,70,70,70,70,68,68,68,68,0],"gold":347,"neow_bonus":"UPGRADE_CARD","is_prod":false,"is_daily":false,"chose_seed":false,"campfire_upgraded":1,"win_rate":0,"timestamp":1642567946,"path_taken":["M","?","M","M","M","R","M","?","T","?","M","R","E","?","R","BOSS","M","?","M","M","M","R","E","R","T","R","?","?","M","?","R","BOSS","M","?","?","$","?","E","R","$","T","?","?","E","?","M","R","BOSS"],"build_version":"2020-12-22","purchased_purges":2,"victory":false,"max_hp_per_floor":[70,70,70,70,70,70,70,70,70,70,70,70,70,70,70,70,70,70,70,70,70,70,70,70,70,70,70,70,70,70,70,70,70,70,70,70,70,70,70,70,70,70,70,70,70,80,80,80,80,80],"card_choices":[{"not_picked":["Outmaneuver","Dagger Spray"],"picked":"Catalyst","floor":1.0},{"not_picked":["Infinite Blades","Acrobatics"],"picked":"Bouncing Flask","floor":2.0},{"not_picked":["Adrenaline","Distraction","Slice"],"picked":"SKIP","floor":4.0},{"not_picked":["Flying Knee","Slice"],"picked":"Acrobatics","floor":5.0},{"not_picked":["All Out Attack","Outmaneuver"],"picked":"Bane","floor":7.0},{"not_picked":["Acrobatics","Skewer","Dagger Throw"],"picked":"SKIP","floor":10.0},{"not_picked":["Backflip","Flying Knee"],"picked":"PiercingWail","floor":11.0},{"not_picked":["Acrobatics+1","Backstab"],"picked":"Deflect+1","floor":13.0},{"not_picked":["Outmaneuver+1","Slice"],"picked":"Backstab","floor":14.0},{"not_picked":["Glass Knife","Unload"],"picked":"Adrenaline+1","floor":16.0},{"not_picked":["Quick Slash+1","PiercingWail+1"],"picked":"Prepared+1","floor":18.0},{"not_picked":["Bouncing Flask+1","Sucker Punch"],"picked":"Backflip+1","floor":20.0},{"not_picked":["Choke","Caltrops","Bane"],"picked":"SKIP","floor":21.0},{"not_picked":["Finisher","Cloak And Dagger+1"],"picked":"Acrobatics+1","floor":22},{"not_picked":["Underhanded Strike+1","Sucker Punch+1"],"picked":"Deadly Poison+1","floor":24},{"not_picked":["Leg Sweep+1","Blur+1"],"picked":"PiercingWail+1","floor":30},{"not_picked":["Slice","PiercingWail+1"],"picked":"Deflect+1","floor":31},{"not_picked":["After Image","Grand Finale"],"picked":"Burst+1","floor":33},{"not_picked":["Outmaneuver+1","Quick Slash"],"picked":"Catalyst+1","floor":35},{"not_picked":["Heel Hook","Outmaneuver+1","Deflect+1"],"picked":"SKIP","floor":39},{"not_picked":["All Out Attack+1","Eviscerate"],"picked":"Terror+1","floor":40},{"not_picked":["Heel Hook","Blade Dance+1"],"picked":"Backflip+1","floor":46},{"not_picked":["Outmaneuver+1","Cloak And Dagger+1","Blade Dance+1"],"picked":"SKIP","floor":48}],"player_experience":135661,"relics_obtained":[{"floor":9.0,"key":"MealTicket"},{"floor":13.0,"key":"Toxic Egg 2"},{"floor":24,"key":"Centennial Puzzle"},{"floor":26,"key":"Ninja Scroll"},{"floor":28,"key":"Red Mask"},{"floor":40,"key":"Oddly Smooth Stone"},{"floor":43,"key":"Smiling Mask"},{"floor":46,"key":"Pear"},{"floor":47,"key":"Dream Catcher"}],"event_choices":[{"damage_healed":0,"gold_gain":0,"player_choice":"Fought Bandits","damage_taken":0,"max_hp_gain":0,"max_hp_loss":0,"event_name":"Masked Bandits","floor":28,"gold_loss":0},{"damage_healed":0,"gold_gain":0,"player_choice":"","damage_taken":6,"max_hp_gain":0,"max_hp_loss":0,"event_name":"Knowing Skull","floor":29,"potions_obtained":[],"gold_loss":0,"cards_obtained":[]},{"damage_healed":0,"gold_gain":0,"player_choice":"Ignored","damage_taken":0,"max_hp_gain":0,"max_hp_loss":0,"event_name":"Mysterious Sphere","floor":36,"gold_loss":0},{"damage_healed":0,"gold_gain":0,"player_choice":"0 cards matched","damage_taken":0,"max_hp_gain":0,"max_hp_loss":0,"event_name":"Match and Keep!","floor":37,"gold_loss":0,"cards_obtained":[]},{"cards_removed":["Backstab"],"damage_healed":0,"gold_gain":0,"player_choice":"Removed Attack","damage_taken":0,"max_hp_gain":0,"max_hp_loss":0,"event_name":"Falling","floor":44,"gold_loss":0},{"damage_healed":0,"gold_gain":222,"player_choice":"Wore Mask","damage_taken":0,"max_hp_gain":0,"max_hp_loss":0,"event_name":"Tomb of Lord Red Mask","floor":45,"gold_loss":0}],"is_beta":false,"boss_relics":[{"not_picked":["WristBlade","Calling Bell"],"picked":"SlaversCollar"},{"not_picked":["Black Star","Runic Pyramid"],"picked":"Runic Dome"}],"items_purged_floors":[8,19],"is_endless":false,"potions_floor_spawned":[3,5,7,11,16,20,24,31,33,35,39,40,46],"killed_by":"Time Eater","ascension_level":2}