{"gold_per_floor":[99],"floor_reached":1,"playtime":68,"items_purged":[],"score":7,"play_id":"577117a3-e1ea-44a9-aecf-eb58de403e02","local_time":"20220128135722","daily_mods":["Draft","Heirloom"],"is_ascension_mode":false,"campfire_choices":[],"neow_cost":"","seed_source_timestamp":0,"circlet_count":0,"master_deck":["Poisoned Stab","Bane","Noxious Fumes","Prepared","PiercingWail","Quick Slash","Calculated Gamble","Flying Knee","Poisoned Stab","Deadly Poison","Poisoned Stab","Deflect","Dagger Throw","Catalyst","Quick Slash"],"relics":["Ring of the Snake","Bird Faced Urn"],"potions_floor_usage":[],"damage_taken":[{"damage":5,"enemies":"2 Louse","floor":1,"turns":2}],"seed_played":"-4455564587984891765","potions_obtained":[],"is_trial":true,"path_per_floor":["M"],"character_chosen":"THE_SILENT","items_purchased":[],"campfire_rested":0,"item_purchase_floors":[],"current_hp_per_floor":[65],"gold":99,"neow_bonus":"","is_prod":false,"is_daily":false,"chose_seed":false,"campfire_upgraded":0,"win_rate":0,"timestamp":1643358442,"path_taken":["M"],"build_version":"2020-12-22","purchased_purges":0,"victory":false,"max_hp_per_floor":[70],"card_choices":[{"not_picked":["Quick Slash","Well Laid Plans"],"picked":"Poisoned Stab","floor":0},{"not_picked":["Prepared","Slice"],"picked":"Bane","floor":0},{"not_picked":["Setup","Underhanded Strike"],"picked":"Noxious Fumes","floor":0},{"not_picked":["Choke","Caltrops"],"picked":"Prepared","floor":0},{"not_picked":["Cloak And Dagger","Blur"],"picked":"PiercingWail","floor":0},{"not_picked":["Concentrate","Skewer"],"picked":"Quick Slash","floor":0},{"not_picked":["Footwork","Bane"],"picked":"Calculated Gamble","floor":0},{"not_picked":["Outmaneuver","Quick Slash"],"picked":"Flying Knee","floor":0},{"not_picked":["Slice","Escape Plan"],"picked":"Poisoned Stab","floor":0},{"not_picked":["Choke","Underhanded Strike"],"picked":"Deadly Poison","floor":0},{"not_picked":["Terror","Riddle With Holes"],"picked":"Poisoned Stab","floor":0},{"not_picked":["Calculated Gamble","Terror"],"picked":"Deflect","floor":0},{"not_picked":["Escape Plan","Flying Knee"],"picked":"Dagger Throw","floor":0},{"not_picked":["Finisher","Expertise"],"picked":"Catalyst","floor":0},{"not_picked":["Skewer","Concentrate"],"picked":"Quick Slash","floor":0}],"player_experience":160857,"relics_obtained":[],"event_choices":[],"is_beta":false,"boss_relics":[],"items_purged_floors":[],"is_endless":false,"potions_floor_spawned":[],"killed_by":"2 Louse","ascension_level":0}